
@misc{ErWeiLiangZiDuoTiXiTongDeZhangLiangWangLuoTaiSuanFaZhongGuoBoShiXueWeiLunWenQuanWenShuJuKu,
  title = {二维量子多体系统的张量网络态算法 - 中国博士学位论文全文数据库},
  file = {/home/parry/Zotero/storage/LYU9LBSJ/二维量子多体系统的张量网络态算法 - 中国博士学位论文全文数据库.pdf;/home/parry/Zotero/storage/STBR4BTZ/detail.html},
  howpublished = {http://gb.oversea.cnki.net/KCMS/detail/detail.aspx?filename=1017071080.nh\&dbcode=CDFD\&dbname=CDFDREF}
}


